@article{Takuno2015,
author = {Takuno, Shohei and Ralph, Peter and Swarts, Kelly and Elshire, Rob J. and Glaubitz, Jeffrey C. and Buckler, Edward S. and Hufford, Matthew B. and Ross-Ibarra, Jeffrey}, 
title = {Independent Molecular Basis of Convergent Highland Adaptation in Maize},
year = {2015}, 
journal = {Genetics},
volume={200},
pages={1297-1312}
}